<?xml version="1.0" encoding="UTF-8"?>
<collection xmlns:xsi="http://www.w3.org/2001/XMLSchema-instance" xsi:schemaLocation="http://www.loc.gov/MARC21/slim http://www.loc.gov/standards/marcxml/schema/MARC21slim.xsd" xmlns="http://www.loc.gov/MARC21/slim">
<record>
  <leader>00693cam a2200205Ki 4500</leader>
  <controlfield tag="001">4748098</controlfield>
  <controlfield tag="003">NNC</controlfield>
  <controlfield tag="005">20160623144046.0</controlfield>
  <controlfield tag="008">040423s1930    ua            000 0 arard</controlfield>
  <datafield tag="035" ind1=" " ind2=" ">
    <subfield code="a">(OCoLC)506114789</subfield>
  </datafield>
  <datafield tag="035" ind1=" " ind2=" ">
    <subfield code="a">(OCoLC)ocn506114789</subfield>
  </datafield>
  <datafield tag="035" ind1=" " ind2=" ">
    <subfield code="9">EISI429737</subfield>
  </datafield>
  <datafield tag="035" ind1=" " ind2=" ">
    <subfield code="a">(NNC)4748098</subfield>
  </datafield>
  <datafield tag="040" ind1=" " ind2=" ">
    <subfield code="a">VYN</subfield>
    <subfield code="c">VYN</subfield>
  </datafield>
  <datafield tag="098" ind1=" " ind2=" ">
    <subfield code="a">BK67</subfield>
    <subfield code="b">T128 K</subfield>
  </datafield>
  <datafield tag="100" ind1="1" ind2=" ">
    <subfield code="a">Ṭaḥāwī, Aḥmad ibn Muḥammad,</subfield>
    <subfield code="d">852?-933.</subfield>
  </datafield>
  <datafield tag="245" ind1="1" ind2="0">
    <subfield code="a">Kitab sharḥ al-Ṭaḥāwīyah fī al-ʻaqīdah al-salafīyah /</subfield>
    <subfield code="c">[Edited by a committee under Sheikh 'Abdallah b. Ḥasan b. Ḥussain]</subfield>
  </datafield>
  <datafield tag="260" ind1=" " ind2=" ">
    <subfield code="a">[Cairo : ]</subfield>
    <subfield code="b">al-Maṭbaah al-Salafīyyah,</subfield>
    <subfield code="c">1349 A. H. (1930).</subfield>
  </datafield>
  <datafield tag="300" ind1=" " ind2=" ">
    <subfield code="a">456 p. ;</subfield>
    <subfield code="c">25 cm.</subfield>
  </datafield>
  <datafield tag="546" ind1=" " ind2=" ">
    <subfield code="a">In  Arabic.</subfield>
  </datafield>
  <datafield tag="955" ind1=" " ind2=" ">
    <subfield code="b">CR61147796</subfield>
    <subfield code="d">off,uts</subfield>
    <subfield code="e">BK67 T128 K</subfield>
  </datafield>
</record>
</collection>